@misc{unreifekirsche,
    author    = "UnreifeKirsche",
    title     = "Buddhabrot",
    url       = "\url{http://www-03.ibm.com/ibm/history/ibm100/us/en/icons/fractal/}"
}

@book{pritchard,
    title={The Chaos Cookbook: A Practical Programming Guide},
    author={Pritchard, J.},
    isbn={9781483104201},
    url={https://books.google.se/books?id=Mj-eBQAAQBAJ},
    pages = "152",
    year={2014},
    publisher={Elsevier Science}
}

@misc{wikipedia,
   author = "Wikipedia",
   title = "Buddhabrot ---{W}ikipedia{,} {T}he {F}ree {E}ncyclopedia",
   year = "2015",
   url = "\url{http://en.wikipedia.org/wiki/Buddhabrot}",
   note = "[Online; accessed 2015-01-23]"
}

@misc{xaos,
   author = "{XaoS Development Team}",
   title = "Periodicity checking -- {X}a{OS} v4.0 Documentation",
   year = "2015",
   url = "\url{http://xaos.sourceforge.net/doc-trunk/periodicity.html}",
   note = "[Online; accessed 2015-01-23]"
}

@misc{ibm,
   author = "IBM",
   title = "Icons of Progress - {F}ractal Geometry",
   year = "2015",
   url = "\url{http://www-03.ibm.com/ibm/history/ibm100/us/en/icons/fractal/}",
   note = "[Online; accessed 2015-01-21]"
}

@article{alia&samsudin,
    author =       "Mohammad Ahmad Alia and Azman Bin Samsudin",
    title =        "{New Key Exchange Protocol Based on Mandelbrot and Julia Fractal Sets}",
    journal =      "{International Journal of Computer Science and Network Security, IJCSNS}",
    volume =       "7",
    number =       "2",
    year =         "February 2007"
}

@misc{weisstein,
    author   = {Weisstein, Eric W.},
    title    = {Cantor Dust. {From MathWorld---A Wolfram Web Resource}},
    url      = {\url{http://mathworld.wolfram.com/CantorDust.html},
    note     = [Online; accessed 2015-01-23],
}

@misc{weisstein-mandelbrot,
    author   = {Weisstein, Eric W.},
    title    = {The {M}andelbrot set. {From MathWorld---A Wolfram Web Resource}},
    url      = {\url{http://mathworld.wolfram.com/MandelbrotSet.html},
    note     = [Online; accessed 2015-01-23],
}

@book{fisher,
    editor = {Fisher, Yuval},
    title = {Fractal Image Compression: Theory and Application},
    year = {1995},
    isbn = {0-387-94211-4},
    publisher = {Springer-Verlag},
    address = {London, UK, UK},
} 